@misc{3dr-pixhawk,
	title = {{3DR Pixhawk}},
	author = {{3D Robotics}},
	year = {2015},
	howpublished = "\url{http://3drobotics.com/pixhawk/}"
}

@misc{3dr-tower,
	title = {{Tower (DroidPlanner 3)}},
	author = {{3D Robotics}},
	year = {2015},
	howpublished = "\url{https://play.google.com/store/apps/details?id=org.droidplanner.android}"
}

@misc{ardupilot,
	title = {{ArduPilot}},
	author = {{DIY Drones team}},
	year = {2015},
	howpublished = "\url{http://ardupilot.com/}"
}

@misc{ardupilot-gh-source,
	title = {{ArduPilot} source code},
	author = {Andrew Tridgell and Randy Mackay and Pat Hickey and others},
	year = {2015},
	howpublished = "\url{https://github.com/diydrones/ardupilot/}"
}

@misc{openpilot-gh-source,
	title = {{OpenPilot} source code},
	author = {{OpenPilot Foundation}},
	year = {2015},
	howpublished = "\url{https://github.com/openpilot/OpenPilot}"
}

@misc{multiwii-gh-source,
	title = {{MultiWii} source code},
	author = {{MultiWii Authors}},
	year = {2015},
	howpublished = "\url{https://github.com/multiwii/multiwii-firmware}"
}

@misc{paparazzi-gh-source,
	title = {Paparazzi source code},
	author = {Felix Ruess and Gautier Hattenberger and Christophe De Wagter and others},
	year = {2015},
	howpublished = "\url{https://github.com/paparazzi/paparazzi}"
}

@misc{ardu-sitl-hitl,
	author = {{Ardupilot community}},
	year = 2015,
	title = {Simulation},
	howpublished = "\url{http://dev.ardupilot.com/wiki/simulation-2/}"
}

@misc{ardu-rpi-mavlink,
	title = {Communicating with {Raspberry Pi} via {MAVLink}},
	author = {{ArduPilot community}},
	year = {2015},
	howpublished = "\url{http://dev.ardupilot.com/wiki/companion-computers/raspberry-pi-via-mavlink/}"
}

@misc{canberrauav-2012,
	title = {{CanberraUAV} ({ArduPlane}) wins {Outback Challenge}!},
	author = {Chris Anderson},
	year = {2012},
	howpublished = "\url{http://diydrones.com/profiles/blogs/canberrauav-arduplane-wins-outback-challenge}"
}

@misc{canberrauav-2014,
	title = {Congratulations {Canberra UAV}, stunning {Outback Challenge} win},
	author = {Gary Mortimer},
	year = {2014},
	howpublished = "\url{http://diydrones.com/profiles/blogs/congratulations-canberra-uav-stunning-outback-challenge-win}"
}

@misc{missionplanner,
	title = {Mission Planner Home},
	author = {Michael Oborne},
	year = {2015},
	howpublished = "\url{http://planner.ardupilot.com/}"
}

@misc{futaba-pixhawk,
	title = {Setting up {Futaba 14SG} and {R7008SB} to work with the Pixhawk},
	author = {{NoLimitLab}},
	year = {2015},
	howpublished = "\url{https://nolimitlab.wordpress.com/resources/setting-up-futaba-14sg-and-r7008sb-to-work-with-the-pixhawk/}"
}